<record><leader>00000cas a22000007a 4500</leader><controlfield tag="001">12571846</controlfield><controlfield tag="008">850918d1935194umtuwr ne      0    0eng d</controlfield><datafield ind1=" " ind2=" " tag="010"><subfield code="a">sn 85053276 </subfield></datafield><datafield ind1=" " ind2=" " tag="040"><subfield code="a">MTL</subfield><subfield code="b">eng</subfield><subfield code="c">MTL</subfield><subfield code="d">OCLCQ</subfield></datafield><datafield ind1=" " ind2=" " tag="042"><subfield code="a">msc</subfield></datafield><datafield ind1="0" ind2="0" tag="245"><subfield code="a">Daniels County free press.</subfield></datafield><datafield ind1=" " ind2=" " tag="260"><subfield code="a">Scobey, Mont. :</subfield><subfield code="b">R. Owings and A. Garvin,</subfield><subfield code="c">1935-</subfield></datafield><datafield ind1=" " ind2=" " tag="300"><subfield code="a">v. :</subfield><subfield code="b">ill.</subfield></datafield><datafield ind1=" " ind2=" " tag="310"><subfield code="a">Weekly</subfield></datafield><datafield ind1="0" ind2=" " tag="362"><subfield code="a">Vol. 1, no. 1 (Oct. 10, 1935)-</subfield></datafield><datafield ind1=" " ind2=" " tag="515"><subfield code="a">Numbering skips from v. 1, no. 6 to v. 2, no. 18 Nov. 21, 1935.</subfield></datafield><datafield ind1=" " ind2=" " tag="752"><subfield code="a">United States</subfield><subfield code="b">Montana</subfield><subfield code="c">Daniels</subfield><subfield code="d">Scobey.</subfield></datafield><datafield ind1="0" ind2="4" tag="785"><subfield code="t">Daniels County leader</subfield><subfield code="w">(DLC)sn 86075300</subfield></datafield></record>